<?xml version="1.0" encoding="UTF-8"?><collection><record><leader>07923ntm a2200601 a 4500</leader><controlfield tag="001">006804820</controlfield><controlfield tag="003">MiAaHDL</controlfield><controlfield tag="005">20130211000000.0</controlfield><controlfield tag="006">m        d        </controlfield><controlfield tag="007">cr bn ---auaua</controlfield><controlfield tag="008">090529q15001560xx            00| ||ara d</controlfield><datafield tag="035" ind1=" " ind2=" "><subfield code="a">(MiU)006804820</subfield></datafield><datafield tag="035" ind1=" " ind2=" "><subfield code="a">sdr-miu006804820</subfield></datafield><datafield tag="040" ind1=" " ind2=" "><subfield code="a">MiU</subfield><subfield code="c">MiU</subfield><subfield code="e">amremm</subfield></datafield><datafield tag="043" ind1=" " ind2=" "><subfield code="a">n-us-mi</subfield></datafield><datafield tag="100" ind1="1" ind2=" "><subfield code="6">880-01</subfield><subfield code="a">ʻAynī, Badr al-Dīn Maḥmūd ibn Aḥmad,</subfield><subfield code="d">1361-1451.</subfield></datafield><datafield tag="240" ind1="1" ind2="0"><subfield code="6">880-02</subfield><subfield code="a">Ramz al-ḥaqāʼiq fī sharḥ kanz al-daqāʼiq</subfield></datafield><datafield tag="245" ind1="1" ind2="0"><subfield code="6">880-03</subfield><subfield code="a">Kitāb Ramz al-ḥaqāʼiq fī sharḥ kanz al-daqāʼiq,</subfield><subfield code="f">[early to mid 16th century?].</subfield></datafield><datafield tag="246" ind1="3" ind2=" "><subfield code="a">شرح الكنز</subfield></datafield><datafield tag="246" ind1="3" ind2=" "><subfield code="i">Title from inscription on front flyleaf (p.1):</subfield><subfield code="a">رمز الحقائق</subfield></datafield><datafield tag="246" ind1="3" ind2=" "><subfield code="i">Edge title (head):</subfield><subfield code="a">حقايق شرح وقايق</subfield></datafield><datafield tag="260" ind1=" " ind2=" "><subfield code="c">[1500-1560?].</subfield></datafield><datafield tag="300" ind1=" " ind2=" "><subfield code="a">290 leaves :</subfield><subfield code="b">paper ;</subfield><subfield code="c">295 x 197 (216 x 124) mm.</subfield></datafield><datafield tag="500" ind1=" " ind2=" "><subfield code="a">Origin: Lacks dated colophon ; paper, etc. suggest early to mid 16th century.</subfield></datafield><datafield tag="500" ind1=" " ind2=" "><subfield code="a">Accompanying materials: a. Inventory cataloguing slip in hand of Winifred Smeaton Thomas -- b. Acquisitions slip from Yahuda.</subfield></datafield><datafield tag="500" ind1=" " ind2=" "><subfield code="a">Former shelfmark: From interior of upper cover and spine label "IL 148" (likely supplied by Yahuda, see acquisitions slip).</subfield></datafield><datafield tag="500" ind1=" " ind2=" "><subfield code="a">Binding: Pasteboards covered in dark red-brown leather ; Type II binding (with flap) ; board linings in olive-tinted laid paper ; upper and lower covers carry blind-stamped mandorla (filled with vegetal composition, reminiscent of Déroche class. OSd 3), pendants and cornerpieces along with tooled border ; sewn in dark pink thread, two stations ; worked chevron endbands in blue (on cream primaries), fairly good condition though with minor damage to tailband ; overall in somewhat poor condition with abrasion, staining, lifting and losses of leather, delamination of boards, etc. ; repairs to spine and foreedge flap in brown leather.</subfield></datafield><datafield tag="500" ind1=" " ind2=" "><subfield code="a">Support: European laid paper mainly with 8-9 laid lines per cm. (horizontal), chain lines spaced 29 mm. apart (vertical), and anchor in circle watermark (in two lines, star above, 60 mm. tall, see p.6, 18, etc.), quite sturdy and well-burnished with burnisher's marks visible (horizontal on right-hand leaf and vertical on left-hand leaf) ; another type with 10 laid lines per cm. (horizontal), chain lines spaced 28-30 mm. apart (vertical) and watermark of font with lid and cross [?] (or cardinal’s mitre / chapeau) watermark (see p.402, etc. and compare Chapeau nos. 3447, etc. in Briquet, Les Filigranes, Chapeau nos.2-8 dated 1549-1555 in Velkov, Les Filigranes dans les documents Ottomans and nos. 31-32 dated 1549-1550 in Nikolaev, Watermarks of the Ottoman Empire, vol. 1) ; repairs in another European paper ; in some sections alternating leaves in peach or beige.</subfield></datafield><datafield tag="500" ind1=" " ind2=" "><subfield code="a">Decoration: Elegant illuminated titlepiece on 'title page' (p.3) in white, gold, blue, red, and green consisting of an upper rectangular panel with a lozenge carrying the title in white with gold outline on field of blue, surmounting the main panel with an eight-lobed medallion (shamsah) with lobes separated from the central disc by a series of bands in green, gold, red, and white, and carrying the author’s name in white with gold outline on a field of blue at the center ; corner pieces in red and green with gold vegetal designs appear in both panels and vertical stalks in blue and red accent the central medallion and outer frame ; written area of incipit page surrounded by yellow (perhaps once gilt) frame, elsewhere written area surrounded by red rule-border ; most keywords, sections headings and abbreviation symbols in red, some in mint green (see p.389, etc.) ; textual dividers in the form of red, blue, and green inverted commas.</subfield></datafield><datafield tag="500" ind1=" " ind2=" "><subfield code="a">Script: Naskh ; elegant Turkish hand ; seriffed with right-sloping head-serf on virtually all ascender letters apart from free-standing alif, slight effect of tilt to the left, curvilinear descenders, pointing in distinct dots, alif maqṣūrah pointed as yāʼ, kāf occasionally without bar (shaqq) but vertical stroke with hamzah ; hand changes around p.359, from there to close one or two more compact, graceful hands in a narrow line, quite rounded and freely ligatured.</subfield></datafield><datafield tag="500" ind1=" " ind2=" "><subfield code="a">Layout: Written in 31 lines per page ; frame-ruled.</subfield></datafield><datafield tag="500" ind1=" " ind2=" "><subfield code="a">Collation: i, V-2 (8), 23 V(238), VI (250), 4 V(290), i ; chiefly quinions ; fol. 2 and 5 transposed ; middle of the quire marks in the form of oblique stroke in the lower outer margin of the right-hand leaf (some quires only) ; catchwords present ; foliation in black ink, Hindu-Arabic numerals ; pagination in pencil, Western numerals, supplied during digitization (includes flyleaves).</subfield></datafield><datafield tag="500" ind1=" " ind2=" "><subfield code="a">Explicit: "فبقي الباقي مقسوما على سهامهم فيما نقل هذا منه بعد قوله سهامهم نجز الكتاب بعون الملك الوهاب والله اعلم بالصواب واليه المرجع والمآب وصلى الله وسلم على سيدنا محمد وعلى اله وصحبه وسلم تسليما كثيرا"</subfield></datafield><datafield tag="500" ind1=" " ind2=" "><subfield code="a">Incipit: "ان اجل ما يستهل به اللسان بالبيان واشد ما تشهد به الاركان من الجنان حمد مبدع فلق اتمار العلم عن احكام الاذهان ... وبعد فان الفقير الى رحمة الله ربه الغني ابا محمد محمود بن احمد العيني ... يقول لما امتحنت بما امتحن به من هو محسودا اما لعلمه وفضله ... اردت ان ازيل هذه الكدورات باشتغال البال في شرح كتاب من المصنفات فاخترت لذلك كتاب كنز الدقائق المنسوب الى ... ابي البركات عبد الله بن احمد بن محمود النسفي ... فاستخرت الله تعالى واخترعت له شرحا يدلل صعابه ويستخرج عن قشرة لبابه ... مسمى بكتاب رمز الحقائق في شرح كنز الدقائق ..."</subfield></datafield><datafield tag="500" ind1=" " ind2=" "><subfield code="a">Title from titlepiece on p.3 and opening on p.4.</subfield></datafield><datafield tag="500" ind1=" " ind2=" "><subfield code="a">Ms. codex.</subfield></datafield><datafield tag="510" ind1="4" ind2=" "><subfield code="a">Nikolaev, Vsevolod. Watermarks of the mediaeval Ottoman documents in Bulgarian libraries. In Watermarks of the Ottoman Empire, volume 1. Sofia: Bulgarian Academy of Sciences, 1954.</subfield></datafield><datafield tag="510" ind1="4" ind2=" "><subfield code="a">Velkov, Asparouh. Les Filigranes dans les documents Ottomans: divers types d’images. Sofia: Éditions "Texte - A. Trayanov", 2005.</subfield></datafield><datafield tag="510" ind1="4" ind2=" "><subfield code="a">Ḥājjī Khalīfah. Kashf al-ẓunūn,</subfield><subfield code="c">v 250 [2/1516]</subfield></datafield><datafield tag="510" ind1="4" ind2=" "><subfield code="a">Brockelmann, C. GAL,</subfield><subfield code="c">II 53 and 197</subfield></datafield><datafield tag="520" ind1="8" ind2=" "><subfield code="a">Elegant copy of the well-known commentary by Badr al-Dīn Maḥmūd ibn Aḥmad al-ʻAynī (d.1451) on Abū al-Barakāt ʻAbd Allāh ibn Aḥmad al-Nasafī's (d.1310) Kanz al-daqāʼiq, a synopsis of his own Kitāb al-Wāfī, a legal work modeled after al-Marghīnānī's (d.1196 or 7) celebrated Hidāyah.</subfield></datafield><datafield tag="538" ind1=" " ind2=" "><subfield code="a">Mode of access: Internet.</subfield></datafield><datafield tag="541" ind1=" " ind2=" "><subfield code="a">Acquired in 1926 from the bookseller Isaac Benjamin S.E. Yahuda via purchase transacted on his behalf by Abraham Shalom Yahuda (1877-1951), his younger brother.</subfield></datafield><datafield tag="546" ind1=" " ind2=" "><subfield code="a">Arabic.</subfield></datafield><datafield tag="561" ind1=" " ind2=" "><subfield code="a">Marginal and interlinear glosses and corrections.</subfield></datafield><datafield tag="600" ind1="1" ind2="0"><subfield code="a">Nasafī, ʻAbd Allāh ibn Aḥmad,</subfield><subfield code="d">d. 1310.</subfield><subfield code="t">Kanz al-daqāʼiq.</subfield></datafield><datafield tag="650" ind1=" " ind2="0"><subfield code="a">Manuscripts, Arabic</subfield><subfield code="z">Michigan</subfield><subfield code="z">Ann Arbor.</subfield></datafield><datafield tag="650" ind1=" " ind2="0"><subfield code="a">Hanafites</subfield><subfield code="v">Early works to 1800.</subfield></datafield><datafield tag="650" ind1=" " ind2="0"><subfield code="a">Islamic law</subfield><subfield code="x">Interpretation and construction</subfield><subfield code="v">Early works to 1800.</subfield></datafield><datafield tag="773" ind1="0" ind2=" "><subfield code="a">Yahuda Collection.</subfield></datafield><datafield tag="880" ind1="1" ind2="0"><subfield code="6">245-03/</subfield><subfield code="a">كتاب رمز الحقائق في شرح كنز الدقائق,</subfield><subfield code="f">[اوائل الى اواسط القرن 16م؟].</subfield></datafield><datafield tag="880" ind1="1" ind2="0"><subfield code="6">240-02/</subfield><subfield code="a">رمز الحقائق في شرح كنز الدقائق</subfield></datafield><datafield tag="880" ind1="1" ind2=" "><subfield code="6">100-01/</subfield><subfield code="a">عيني، بدر الدين محمود بن احمد.</subfield></datafield><datafield tag="CID" ind1=" " ind2=" "><subfield code="a">006804820</subfield></datafield><datafield tag="DAT" ind1="0" ind2=" "><subfield code="a">20130211152527.0</subfield><subfield code="b">20130211000000.0</subfield></datafield><datafield tag="DAT" ind1="1" ind2=" "><subfield code="a">20130216014846.0</subfield><subfield code="b">2013-08-17T21:07:01Z</subfield></datafield><datafield tag="DAT" ind1="2" ind2=" "><subfield code="a">2012-12-12T23:30:08Z</subfield></datafield><datafield tag="CAT" ind1=" " ind2=" "><subfield code="a">SDR-MIU</subfield><subfield code="d">EX LIBRIS - ALEPH</subfield><subfield code="l">loader.pl-002-002</subfield></datafield><datafield tag="FMT" ind1=" " ind2=" "><subfield code="a">BK</subfield></datafield><datafield tag="HOL" ind1=" " ind2=" "><subfield code="0">sdr-miu006804820</subfield><subfield code="a">MiU</subfield><subfield code="b">SDR</subfield><subfield code="c">MIU</subfield><subfield code="p">mdp.39015079126929</subfield><subfield code="s">MIU</subfield><subfield code="1">006804820</subfield></datafield><datafield tag="974" ind1=" " ind2=" "><subfield code="b">MIU</subfield><subfield code="c">MIU</subfield><subfield code="d">20130817</subfield><subfield code="s">google</subfield><subfield code="u">mdp.39015079126929</subfield><subfield code="y">1560</subfield><subfield code="r">pd</subfield><subfield code="q">bib</subfield><subfield code="t">non-US bib date2 &lt; 1896</subfield></datafield><datafield tag="974" ind1=" " ind2=" "><subfield code="b">MIU</subfield><subfield code="c">MIU</subfield><subfield code="d">20190719</subfield><subfield code="s">lit-dlps-dc</subfield><subfield code="u">mdp.39015062661213</subfield><subfield code="y">1560</subfield><subfield code="r">pd</subfield><subfield code="q">bib</subfield><subfield code="t">non-US bib date2 &lt; 1896</subfield></datafield></record></collection>